[gd_scene load_steps=9 format=2]

[ext_resource path="res://icon.png" type="Texture" id=1]
[ext_resource path="res://gui/shaders/frosted_glass.tres" type="Material" id=2]
[ext_resource path="res://gui/hud/glassui.png" type="Texture" id=3]
[ext_resource path="res://stages/menu/banner.png" type="Texture" id=4]
[ext_resource path="res://other/fonts/PressStart.tres" type="DynamicFont" id=5]

[sub_resource type="Shader" id=1]
code = "shader_type canvas_item;

uniform float time_factor = 1.0;
uniform vec2 amplitube = vec2(10.0, 5.0);

void vertex() {
	VERTEX.x += sin(TIME * time_factor + VERTEX.x + VERTEX.y) * amplitube.x;
	VERTEX.y += cos(TIME * time_factor + VERTEX.x + VERTEX.y) * amplitube.y;
}"

[sub_resource type="ShaderMaterial" id=2]
shader = SubResource( 1 )
shader_param/time_factor = 0.5
shader_param/amplitube = Vector2( 15, 15 )

[sub_resource type="GDScript" id=3]
resource_name = "btn_quit_script"
script/source = "extends Button

func _ready():
	connect(\"pressed\", self, \"_on_click\")
	pass

func _on_click():
	get_tree().quit()
	pass"

[node name="Main_menu" type="Node"]

[node name="background" type="Control" parent="."]
anchor_right = 1.0
anchor_bottom = 1.0

[node name="background_image" type="TextureRect" parent="background"]
material = SubResource( 2 )
anchor_right = 1.0
anchor_bottom = 1.0
margin_left = -128.0
margin_top = -128.0
margin_right = 128.0
margin_bottom = 128.0
size_flags_horizontal = 3
size_flags_vertical = 3
texture = ExtResource( 1 )
expand = true
stretch_mode = 2

[node name="background_frosted" type="TextureRect" parent="background"]
material = ExtResource( 2 )
anchor_right = 1.0
anchor_bottom = 1.0
size_flags_horizontal = 3
size_flags_vertical = 3
texture = ExtResource( 3 )
expand = true

[node name="main_menu_elements" type="Container" parent="."]
anchor_right = 1.0
anchor_bottom = 1.0
size_flags_horizontal = 5
size_flags_vertical = 5

[node name="VBoxContainer" type="VBoxContainer" parent="main_menu_elements"]
anchor_right = 1.0
anchor_bottom = 1.0
size_flags_horizontal = 5
size_flags_vertical = 5

[node name="MarginContainer" type="MarginContainer" parent="main_menu_elements/VBoxContainer"]
margin_right = 1280.0
margin_bottom = 265.0
custom_constants/margin_top = 15

[node name="TextureRect" type="TextureRect" parent="main_menu_elements/VBoxContainer/MarginContainer"]
margin_left = 390.0
margin_top = 15.0
margin_right = 890.0
margin_bottom = 265.0
size_flags_horizontal = 4
size_flags_stretch_ratio = 2.0
texture = ExtResource( 4 )

[node name="CenterContainer" type="CenterContainer" parent="main_menu_elements/VBoxContainer"]
margin_top = 269.0
margin_right = 1280.0
margin_bottom = 720.0
size_flags_horizontal = 3
size_flags_vertical = 3

[node name="VBoxContainer" type="VBoxContainer" parent="main_menu_elements/VBoxContainer/CenterContainer"]
margin_left = 394.0
margin_top = 127.0
margin_right = 886.0
margin_bottom = 323.0
size_flags_horizontal = 3
size_flags_vertical = 3

[node name="btn_sp" type="Button" parent="main_menu_elements/VBoxContainer/CenterContainer/VBoxContainer"]
margin_right = 492.0
margin_bottom = 46.0
size_flags_horizontal = 7
size_flags_vertical = 7
size_flags_stretch_ratio = 0.25
custom_fonts/font = ExtResource( 5 )
text = "Singleplayer"

[node name="btn_mp" type="Button" parent="main_menu_elements/VBoxContainer/CenterContainer/VBoxContainer"]
margin_top = 50.0
margin_right = 492.0
margin_bottom = 96.0
size_flags_horizontal = 7
size_flags_vertical = 7
size_flags_stretch_ratio = 0.25
custom_fonts/font = ExtResource( 5 )
text = "Multiplayer"

[node name="btn_options" type="Button" parent="main_menu_elements/VBoxContainer/CenterContainer/VBoxContainer"]
margin_top = 100.0
margin_right = 492.0
margin_bottom = 146.0
size_flags_horizontal = 7
size_flags_vertical = 7
size_flags_stretch_ratio = 0.25
custom_fonts/font = ExtResource( 5 )
text = "Options"

[node name="btn_quit" type="Button" parent="main_menu_elements/VBoxContainer/CenterContainer/VBoxContainer"]
margin_top = 150.0
margin_right = 492.0
margin_bottom = 196.0
size_flags_horizontal = 7
size_flags_vertical = 7
size_flags_stretch_ratio = 0.25
custom_fonts/font = ExtResource( 5 )
text = "Quit"
script = SubResource( 3 )

