[gd_scene load_steps=22 format=2]

[ext_resource path="res://other/fonts/PressStart.tres" type="DynamicFont" id=1]
[ext_resource path="res://gui/shop/main_shop/shop_itemlist.gd" type="Script" id=2]
[ext_resource path="res://gui/shop/sub_elements/equipment/equipment_item.tscn" type="PackedScene" id=3]
[ext_resource path="res://icon.png" type="Texture" id=4]
[ext_resource path="res://gui/shop/main_shop/inv_slots.gd" type="Script" id=5]
[ext_resource path="res://gui/shop/sub_elements/inventory/inventory_item.tscn" type="PackedScene" id=6]
[ext_resource path="res://gui/shop/sub_elements/inventory/inventory_tool.tscn" type="PackedScene" id=7]

[sub_resource type="GDScript" id=1]
script/source = "extends Control

# Just a small little script to leave the shop
onready var character = Utils.get_main_node().find_node(\"Character\")

func _input(event):
	if Input.is_action_just_pressed(\"enter_shop\") && !character.is_processing_input():
		character.set_process_input(true)
		self.hide()
	pass

func _on_gun_bought(slot, gun, price):
	print(\"bought gun!\")
	pass"

[sub_resource type="DynamicFontData" id=2]
font_path = "res://other/fonts/PrStart.ttf"

[sub_resource type="DynamicFont" id=3]
size = 24
font_data = SubResource( 2 )

[sub_resource type="DynamicFont" id=4]
extra_spacing_char = -2
font_data = SubResource( 2 )

[sub_resource type="GDScript" id=5]
script/source = "extends Label

##########################################
### UI SHOP Health label update script ###
##########################################

var health_amt
var health_max

func _ready():
	var character = Utils.get_main_node().find_node(\"Character\")
	character.connect(\"health_changed\", self, \"_on_health_changed\")
	character.connect(\"health_max_changed\", self, \"_on_health_max_changed\")
	health_amt = character.health
	health_max = character.MAX_HEALTH
	update_text()

func _on_health_changed(health):
	health_amt = health
	update_text()

func _on_health_max_changed(health):
	health_max = health
	update_text()

func update_text():
	self.text = str(health_amt) + \" / \" + str(health_max)"

[sub_resource type="GDScript" id=6]
script/source = "extends Label

##########################################
### UI SHOP Shield label update script ###
##########################################

var shield_amt
var shield_max

func _ready():
	var character = Utils.get_main_node().find_node(\"Character\")
	character.connect(\"shield_changed\", self, \"_on_shield_changed\")
	character.connect(\"shield_max_changed\", self, \"_on_shield_max_changed\")
	shield_amt = character.shield 
	shield_max = character.MAX_SHIELD
	update_text()

func _on_shield_changed(shield):
	shield_amt = shield
	update_text()

func _on_shield_max_changed(shield):
	shield_max = shield
	update_text()

func update_text():
	self.text = str(shield_amt) + \" / \" + str(shield_max)"

[sub_resource type="GDScript" id=7]
script/source = "extends Label

#########################################
### UI SHOP money label update script ###
#########################################

func _ready():
	Utils.get_main_node().find_node(\"Character\").connect(\"money_changed\", self, \"_on_money_changed\")
	pass # Replace with function body.

func _on_money_changed(money):
	self.text = str(money) + \"€\"

"

[sub_resource type="GDScript" id=8]
script/source = "extends VBoxContainer

# Just a script to name the buttons to an equal length
const SPLITTER = \" \"

func _ready():
	fix_length(1)
	$repair_shield.connect(\"cost_changed\", self, \"fix_length\")
	$refill_all_ammo.connect(\"cost_changed\", self, \"fix_length\")
	pass # Replace with function body.

func fix_length(cost):
	var ammo_split = $refill_all_ammo.text.split(SPLITTER)
	var ammo_text_normalized = ammo_split[0] + \" \" + ammo_split[1] + \" \" + ammo_split[2] + \" \" + ammo_split[ammo_split.size() - 1]
	var shield_split = $repair_shield.text.split(SPLITTER)
	var shield_text_normalized = shield_split[0] + \" \" + shield_split[1] + \" \" + shield_split[shield_split.size() - 1]
	
	var len_1 = ammo_text_normalized.length()
	var len_2 = shield_text_normalized.length()
	
	var fill_length = abs(len_1 - len_2)
	var filling = \"\"
	for i in range(fill_length):
		filling += \" \"
	if len_1 < len_2:
		var split_bracket = ammo_text_normalized.split(SPLITTER)
		var split_bracket_2 = shield_text_normalized.split(SPLITTER)

		$refill_all_ammo.text = split_bracket[0] + \" \" + split_bracket[1] + filling + split_bracket[2] + filling + split_bracket[3]
		$repair_shield.text = split_bracket_2[0] + \" \"  + split_bracket_2[1] + \" \" + split_bracket_2[2]
	else:
		var split_bracket = shield_text_normalized.split(SPLITTER)
		var split_bracket_2 = ammo_text_normalized.split(SPLITTER)
		
		$refill_all_ammo.text = split_bracket_2[0] + \" \" + split_bracket_2[1] + \" \"  + split_bracket_2[2] + \" \" + split_bracket_2[3]
		$repair_shield.text = split_bracket[0] + \" \" + split_bracket[1] + filling + \" \" +split_bracket[2]"

[sub_resource type="DynamicFont" id=9]
font_data = SubResource( 2 )

[sub_resource type="GDScript" id=10]
script/source = "extends Button

#################################################
### UI SHOP Repair_shield label update script ###
#################################################

var cost
var shield = 0
var shield_max = 0
var character

signal cost_changed(cost)

func _ready():
	character = Utils.get_main_node().find_node(\"Character\")
	character.connect(\"shield_changed\", self, \"_on_shield_changed\")
	character.connect(\"money_changed\", self, \"_on_money_changed\")
	character.connect(\"shield_max_changed\", self, \"_on_shield_max_changed\")
	shield = character.shield
	shield_max = character.MAX_SHIELD
	change_cost()
#warning-ignore:return_value_discarded
	connect(\"pressed\", self, \"_on_button_press\")
	pass # Replace with function body.

func _on_shield_changed(shield):
	print(\"shield updated\")
	self.shield = shield
	change_cost()

func _on_money_changed(money):
	change_cost()

func _on_shield_max_changed(shield):
	print(\"shieldmax updated\")
	self.shield_max = shield
	change_cost()

func _on_button_press():
	character._on_repair_shield(cost)

func change_cost():
	cost = (shield_max - shield) * Utils.get_main_node().SHIELD_PRICE
	self.text = \"REPAIR SHIELD \" + str(cost) + \"€\"
	emit_signal(\"cost_changed\", cost)
	if Utils.get_main_node().SHIELD_PRICE > character.money or cost == 0:
		self.disabled = true
	else:
		self.disabled = false"

[sub_resource type="GDScript" id=11]
script/source = "extends Button

####################################################
### UI SHOP refill_all_ammo button update script ###
####################################################

var inventory_children
var character
var available_money

signal cost_changed(cost)

func _ready():
	character = Utils.get_main_node().find_node(\"Character\")
	character.connect(\"money_changed\", self, \"_on_money_changed\")
	available_money = character.money
	# Get the shop-node to connect it's signal
	get_parent().get_parent().get_parent().get_parent().get_parent().get_parent().connect(\"visibility_changed\", self, \"_on_shop_open\")
	connect(\"pressed\", self, \"_on_button_pressed\")
	# get the inventory children
	inventory_children = get_parent().get_parent().get_parent().get_node(\"Control/inv_slots\").get_children()

func _on_money_changed(money):
	available_money = money

func _on_shop_open():
	var sum_cost_refill = 0
	var smallest_bullet_price = 99999999
	for child in inventory_children:
		sum_cost_refill += child.cost_refill
		if child.current_gun != null && smallest_bullet_price > child.current_gun.get_bullet_price():
			smallest_bullet_price = child.current_gun.get_bullet_price()
	self.text = \"REFILL ALL AMMO \" + str(sum_cost_refill) + \"€\"
	if sum_cost_refill == 0 || available_money < smallest_bullet_price:
		self.disabled = true
	else:
		self.disabled = false
	emit_signal(\"cost_changed\", sum_cost_refill)

func _on_button_pressed():
	for child in inventory_children:
		if child.current_gun != null:
			var x = child.find_node(\"item_refill_button\")
			if x != null && x.has_method(\"_on_button_press()\"):
				x._on_button_press()
	_on_shop_open()"

[sub_resource type="GDScript" id=12]
script/source = "extends PopupPanel

# Declare member variables here. Examples:
# var a = 2
# var b = \"text\"
var shop

# Called when the node enters the scene tree for the first time.
func _ready():
	shop = get_parent().get_parent()
	connect(\"about_to_show\", self, \"_on_popup\")
	connect(\"popup_hide\", self, \"_on_hide\")
	$VBoxContainer/hbox/btn_cancel.connect(\"pressed\", self, \"hide\")
	$VBoxContainer/hbox/btn_slot1.connect(\"pressed\", self, \"_on_slot_1\")
	$VBoxContainer/hbox/btn_slot2.connect(\"pressed\", self, \"_on_slot_2\")
	pass # Replace with function body.

func _on_popup():
	get_parent().show()

func setup(gun, cost, character):
	reset()
	match gun.slot_type:
		Enums.WEAPON_SLOT_TYPE.RIFLE:
			set_button(\"_1\", character.get_node(\"inventory\").items[\"main_1\"])
			set_button(\"_2\", character.get_node(\"inventory\").items[\"main_2\"])
		Enums.WEAPON_SLOT_TYPE.TOOL:
			set_button(\"_1\", character.get_node(\"inventory\").items[\"tool_1\"])
			set_button(\"_2\", character.get_node(\"inventory\").items[\"tool_2\"])
		Enums.WEAPON_SLOT_TYPE.SIDEARM:
			set_button(\"_1\", character.get_node(\"inventory\").items[\"sidearm\"])
			$VBoxContainer/hbox/btn_slot2.hide()
		Enums.WEAPON_SLOT_TYPE.THROWABLE:
			set_button(\"_1\", character.get_node(\"inventory\").items[\"throwable\"])
			$VBoxContainer/hbox/btn_slot2.hide()
	pass

func _on_hide():
	get_parent().hide()

func set_button(slot_name, gun):
	var new_text = \"SELL \" + gun.ui_name + \" (\" + str(ceil(gun.get_price() * Utils.get_main_node().RESELL_FACTOR)) + \"€)\"
	if slot_name == \"_1\":
		$VBoxContainer/hbox/btn_slot1.text = new_text
	else:
		$VBoxContainer/hbox/btn_slot2.text = new_text

func reset():
	$VBoxContainer/hbox/btn_slot1.text = \"DEFAULT\"
	$VBoxContainer/hbox/btn_slot1.show()
	$VBoxContainer/hbox/btn_slot2.text = \"DEFAULT\"
	$VBoxContainer/hbox/btn_slot2.show()

func _on_slot_1():
	print(\"slot 1\")
	shop._on_gun_bought(\"slot 1\", null, 500)

func _on_slot_2():
	print(\"slot 2\")
	shop._on_gun_bought(\"slot 2\", null, 250)"

[sub_resource type="DynamicFontData" id=13]
font_path = "res://other/fonts/PrStart.ttf"

[sub_resource type="DynamicFont" id=14]
font_data = SubResource( 13 )

[node name="shop" type="Control"]
anchor_right = 1.0
anchor_bottom = 1.0
margin_left = -1.43188
margin_top = 1.43198
margin_right = -1.43188
margin_bottom = 1.43201
script = SubResource( 1 )

[node name="outer_margin" type="MarginContainer" parent="."]
anchor_right = 1.0
anchor_bottom = 1.0
margin_left = 25.0
margin_top = 25.0
margin_right = -25.0
margin_bottom = -25.0

[node name="HBoxPanelContainer" type="HBoxContainer" parent="outer_margin"]
margin_right = 1230.0
margin_bottom = 670.0
size_flags_horizontal = 3
size_flags_vertical = 3

[node name="panel_left" type="PanelContainer" parent="outer_margin/HBoxPanelContainer"]
margin_right = 613.0
margin_bottom = 670.0
size_flags_horizontal = 3
size_flags_vertical = 3

[node name="left_panel_margin" type="MarginContainer" parent="outer_margin/HBoxPanelContainer/panel_left"]
margin_left = 7.0
margin_top = 7.0
margin_right = 606.0
margin_bottom = 663.0
custom_constants/margin_right = 15
custom_constants/margin_top = 15
custom_constants/margin_left = 15
custom_constants/margin_bottom = 15

[node name="left_panel_vbox" type="VBoxContainer" parent="outer_margin/HBoxPanelContainer/panel_left/left_panel_margin"]
margin_left = 15.0
margin_top = 15.0
margin_right = 584.0
margin_bottom = 641.0

[node name="lbl_left_panel" type="Label" parent="outer_margin/HBoxPanelContainer/panel_left/left_panel_margin/left_panel_vbox"]
margin_right = 569.0
margin_bottom = 83.0
custom_fonts/font = ExtResource( 1 )
text = "EQUIPMENT
"
align = 1

[node name="eqp_scroll_panel" type="ScrollContainer" parent="outer_margin/HBoxPanelContainer/panel_left/left_panel_margin/left_panel_vbox"]
margin_top = 87.0
margin_right = 569.0
margin_bottom = 626.0
size_flags_horizontal = 3
size_flags_vertical = 3
size_flags_stretch_ratio = 2.0
scroll_horizontal_enabled = false
script = ExtResource( 2 )

[node name="VBoxContainer" type="VBoxContainer" parent="outer_margin/HBoxPanelContainer/panel_left/left_panel_margin/left_panel_vbox/eqp_scroll_panel"]
margin_right = 569.0
margin_bottom = 88.0
size_flags_horizontal = 3
size_flags_vertical = 2
custom_constants/separation = 44

[node name="equipment_item" parent="outer_margin/HBoxPanelContainer/panel_left/left_panel_margin/left_panel_vbox/eqp_scroll_panel/VBoxContainer" instance=ExtResource( 3 )]
anchor_right = 0.0
anchor_bottom = 0.0
margin_right = 569.0
margin_bottom = 0.0

[node name="equipment_item2" parent="outer_margin/HBoxPanelContainer/panel_left/left_panel_margin/left_panel_vbox/eqp_scroll_panel/VBoxContainer" instance=ExtResource( 3 )]
anchor_right = 0.0
anchor_bottom = 0.0
margin_top = 44.0
margin_right = 569.0
margin_bottom = 44.0

[node name="equipment_item3" parent="outer_margin/HBoxPanelContainer/panel_left/left_panel_margin/left_panel_vbox/eqp_scroll_panel/VBoxContainer" instance=ExtResource( 3 )]
anchor_right = 0.0
anchor_bottom = 0.0
margin_top = 88.0
margin_right = 569.0
margin_bottom = 88.0

[node name="panel_right" type="PanelContainer" parent="outer_margin/HBoxPanelContainer"]
margin_left = 617.0
margin_right = 1230.0
margin_bottom = 670.0
size_flags_horizontal = 3
size_flags_vertical = 3

[node name="right_panel_margin2" type="MarginContainer" parent="outer_margin/HBoxPanelContainer/panel_right"]
margin_left = 7.0
margin_top = 7.0
margin_right = 606.0
margin_bottom = 663.0
custom_constants/margin_right = 15
custom_constants/margin_top = 15
custom_constants/margin_left = 15
custom_constants/margin_bottom = 15

[node name="right_panel_vbox" type="VBoxContainer" parent="outer_margin/HBoxPanelContainer/panel_right/right_panel_margin2"]
margin_left = 15.0
margin_top = 15.0
margin_right = 584.0
margin_bottom = 641.0

[node name="lbl_left_panel2" type="Label" parent="outer_margin/HBoxPanelContainer/panel_right/right_panel_margin2/right_panel_vbox"]
margin_right = 569.0
margin_bottom = 40.0
custom_fonts/font = ExtResource( 1 )
text = "INVENTORY"
align = 1

[node name="inv_info" type="HBoxContainer" parent="outer_margin/HBoxPanelContainer/panel_right/right_panel_margin2/right_panel_vbox"]
editor/display_folded = true
margin_top = 44.0
margin_right = 569.0
margin_bottom = 136.0
custom_constants/separation = 20

[node name="VBoxContainer" type="VBoxContainer" parent="outer_margin/HBoxPanelContainer/panel_right/right_panel_margin2/right_panel_vbox/inv_info"]
editor/display_folded = true
margin_right = 126.0
margin_bottom = 92.0
size_flags_horizontal = 3
size_flags_stretch_ratio = 0.3

[node name="Label" type="Label" parent="outer_margin/HBoxPanelContainer/panel_right/right_panel_margin2/right_panel_vbox/inv_info/VBoxContainer"]
margin_right = 126.0
margin_bottom = 24.0
custom_fonts/font = SubResource( 3 )
text = "INFO"
align = 1
valign = 1

[node name="item_image" type="TextureRect" parent="outer_margin/HBoxPanelContainer/panel_right/right_panel_margin2/right_panel_vbox/inv_info/VBoxContainer"]
margin_left = 31.0
margin_top = 28.0
margin_right = 95.0
margin_bottom = 92.0
size_flags_horizontal = 4
texture = ExtResource( 4 )

[node name="selected_item_info_box" type="VBoxContainer" parent="outer_margin/HBoxPanelContainer/panel_right/right_panel_margin2/right_panel_vbox/inv_info"]
editor/display_folded = true
margin_left = 146.0
margin_right = 569.0
margin_bottom = 92.0
size_flags_horizontal = 3
custom_constants/separation = 10
alignment = 1

[node name="hbox_hp" type="HBoxContainer" parent="outer_margin/HBoxPanelContainer/panel_right/right_panel_margin2/right_panel_vbox/inv_info/selected_item_info_box"]
margin_top = 12.0
margin_right = 423.0
margin_bottom = 28.0

[node name="lbl_health" type="Label" parent="outer_margin/HBoxPanelContainer/panel_right/right_panel_margin2/right_panel_vbox/inv_info/selected_item_info_box/hbox_hp"]
margin_right = 209.0
margin_bottom = 16.0
size_flags_horizontal = 3
custom_fonts/font = SubResource( 4 )
text = "Health:"

[node name="lbl_health_actual" type="Label" parent="outer_margin/HBoxPanelContainer/panel_right/right_panel_margin2/right_panel_vbox/inv_info/selected_item_info_box/hbox_hp"]
margin_left = 213.0
margin_right = 423.0
margin_bottom = 16.0
size_flags_horizontal = 3
custom_fonts/font = SubResource( 4 )
text = "100 / 100"
align = 1
script = SubResource( 5 )

[node name="hbox_shield" type="HBoxContainer" parent="outer_margin/HBoxPanelContainer/panel_right/right_panel_margin2/right_panel_vbox/inv_info/selected_item_info_box"]
margin_top = 38.0
margin_right = 423.0
margin_bottom = 54.0

[node name="lbl_shield" type="Label" parent="outer_margin/HBoxPanelContainer/panel_right/right_panel_margin2/right_panel_vbox/inv_info/selected_item_info_box/hbox_shield"]
margin_right = 209.0
margin_bottom = 16.0
size_flags_horizontal = 3
custom_fonts/font = SubResource( 4 )
text = "Shield:"

[node name="lbl_shield_actual" type="Label" parent="outer_margin/HBoxPanelContainer/panel_right/right_panel_margin2/right_panel_vbox/inv_info/selected_item_info_box/hbox_shield"]
margin_left = 213.0
margin_right = 423.0
margin_bottom = 16.0
size_flags_horizontal = 3
custom_fonts/font = SubResource( 4 )
text = "0 / 250"
align = 1
script = SubResource( 6 )

[node name="hbox_money" type="HBoxContainer" parent="outer_margin/HBoxPanelContainer/panel_right/right_panel_margin2/right_panel_vbox/inv_info/selected_item_info_box"]
margin_top = 64.0
margin_right = 423.0
margin_bottom = 80.0

[node name="lbl_money" type="Label" parent="outer_margin/HBoxPanelContainer/panel_right/right_panel_margin2/right_panel_vbox/inv_info/selected_item_info_box/hbox_money"]
margin_right = 209.0
margin_bottom = 16.0
size_flags_horizontal = 3
custom_fonts/font = SubResource( 4 )
text = "Money:"

[node name="lbl_money_actual" type="Label" parent="outer_margin/HBoxPanelContainer/panel_right/right_panel_margin2/right_panel_vbox/inv_info/selected_item_info_box/hbox_money"]
margin_left = 213.0
margin_right = 423.0
margin_bottom = 16.0
size_flags_horizontal = 3
custom_fonts/font = SubResource( 4 )
text = "1337€"
align = 1
script = SubResource( 7 )

[node name="Control" type="Control" parent="outer_margin/HBoxPanelContainer/panel_right/right_panel_margin2/right_panel_vbox"]
margin_top = 140.0
margin_right = 569.0
margin_bottom = 461.0
size_flags_horizontal = 3
size_flags_vertical = 3

[node name="inv_slots" type="VBoxContainer" parent="outer_margin/HBoxPanelContainer/panel_right/right_panel_margin2/right_panel_vbox/Control"]
margin_top = 4.0
margin_right = 569.0
margin_bottom = 224.0
size_flags_horizontal = 3
size_flags_stretch_ratio = 3.0
custom_constants/separation = 44
script = ExtResource( 5 )

[node name="inv_main_1" parent="outer_margin/HBoxPanelContainer/panel_right/right_panel_margin2/right_panel_vbox/Control/inv_slots" instance=ExtResource( 6 )]
editor/display_folded = true
anchor_right = 0.0
anchor_bottom = 0.0
margin_right = 569.0
margin_bottom = 0.0
slot_name = "main_1"

[node name="inv_main_2" parent="outer_margin/HBoxPanelContainer/panel_right/right_panel_margin2/right_panel_vbox/Control/inv_slots" instance=ExtResource( 6 )]
editor/display_folded = true
anchor_right = 0.0
anchor_bottom = 0.0
margin_top = 44.0
margin_right = 569.0
margin_bottom = 44.0
slot_name = "main_2"

[node name="inv_secondary" parent="outer_margin/HBoxPanelContainer/panel_right/right_panel_margin2/right_panel_vbox/Control/inv_slots" instance=ExtResource( 6 )]
editor/display_folded = true
anchor_right = 0.0
anchor_bottom = 0.0
margin_top = 88.0
margin_right = 569.0
margin_bottom = 88.0
slot_name = "sidearm"

[node name="inv_throwable" parent="outer_margin/HBoxPanelContainer/panel_right/right_panel_margin2/right_panel_vbox/Control/inv_slots" instance=ExtResource( 6 )]
editor/display_folded = true
anchor_right = 0.0
anchor_bottom = 0.0
margin_top = 132.0
margin_right = 569.0
margin_bottom = 132.0
slot_name = "throwable"

[node name="inv_tool_1" parent="outer_margin/HBoxPanelContainer/panel_right/right_panel_margin2/right_panel_vbox/Control/inv_slots" instance=ExtResource( 7 )]
anchor_right = 0.0
anchor_bottom = 0.0
margin_top = 176.0
margin_right = 569.0
margin_bottom = 176.0
slot_name = "tool_1"

[node name="inv_tool_2" parent="outer_margin/HBoxPanelContainer/panel_right/right_panel_margin2/right_panel_vbox/Control/inv_slots" instance=ExtResource( 7 )]
anchor_right = 0.0
anchor_bottom = 0.0
margin_top = 220.0
margin_right = 569.0
margin_bottom = 220.0
slot_name = "tool_2"

[node name="buttons" type="CenterContainer" parent="outer_margin/HBoxPanelContainer/panel_right/right_panel_margin2/right_panel_vbox"]
margin_top = 465.0
margin_right = 569.0
margin_bottom = 626.0
size_flags_vertical = 3
size_flags_stretch_ratio = 0.5

[node name="vbox_buttons" type="VBoxContainer" parent="outer_margin/HBoxPanelContainer/panel_right/right_panel_margin2/right_panel_vbox/buttons"]
margin_left = 110.0
margin_top = 56.0
margin_right = 458.0
margin_bottom = 104.0
script = SubResource( 8 )

[node name="repair_shield" type="Button" parent="outer_margin/HBoxPanelContainer/panel_right/right_panel_margin2/right_panel_vbox/buttons/vbox_buttons"]
margin_right = 348.0
margin_bottom = 22.0
custom_fonts/font = SubResource( 9 )
text = "REPAIR SHIELD 30€"
script = SubResource( 10 )

[node name="refill_all_ammo" type="Button" parent="outer_margin/HBoxPanelContainer/panel_right/right_panel_margin2/right_panel_vbox/buttons/vbox_buttons"]
margin_top = 26.0
margin_right = 348.0
margin_bottom = 48.0
size_flags_horizontal = 3
custom_fonts/font = SubResource( 9 )
text = "REFILL ALL AMMO 2500€"
script = SubResource( 11 )

[node name="CenterContainer" type="CenterContainer" parent="."]
visible = false
anchor_right = 1.0
anchor_bottom = 1.0
size_flags_horizontal = 3
size_flags_vertical = 3

[node name="replace_popup" type="PopupPanel" parent="CenterContainer"]
visible = true
margin_left = 278.0
margin_top = 316.0
margin_right = 1002.0
margin_bottom = 404.0
grow_horizontal = 2
grow_vertical = 2
size_flags_horizontal = 3
popup_exclusive = true
script = SubResource( 12 )

[node name="VBoxContainer" type="VBoxContainer" parent="CenterContainer/replace_popup"]
margin_left = 4.0
margin_top = 4.0
margin_right = 720.0
margin_bottom = 84.0
size_flags_horizontal = 3

[node name="Label" type="Label" parent="CenterContainer/replace_popup/VBoxContainer"]
margin_right = 716.0
margin_bottom = 54.0
custom_fonts/font = SubResource( 14 )
text = "You need to replace an item in order to buy/equip this one.
The replaced slot will be sold."
align = 1
valign = 1
autowrap = true

[node name="hbox" type="HBoxContainer" parent="CenterContainer/replace_popup/VBoxContainer"]
margin_top = 58.0
margin_right = 716.0
margin_bottom = 80.0
alignment = 1

[node name="btn_slot1" type="Button" parent="CenterContainer/replace_popup/VBoxContainer/hbox"]
margin_right = 300.0
margin_bottom = 22.0
custom_fonts/font = SubResource( 14 )
text = "SELL SLOT 1 (xxx€)"

[node name="btn_slot2" type="Button" parent="CenterContainer/replace_popup/VBoxContainer/hbox"]
margin_left = 304.0
margin_right = 604.0
margin_bottom = 22.0
custom_fonts/font = SubResource( 14 )
text = "SELL SLOT 2 (xxx€)"

[node name="btn_cancel" type="Button" parent="CenterContainer/replace_popup/VBoxContainer/hbox"]
margin_left = 608.0
margin_right = 716.0
margin_bottom = 22.0
custom_fonts/font = SubResource( 14 )
text = "CANCEL"

